@book{Montgomery2018,
  author = {Montgomery, D. C. and Runger, G. C.},
  publisher = {John Wiley and Sons},
  title = {Applied Statistics and Probability for Engineers},
  year = 2018
}